Branching Processes

@book{And00,
    author = {H{\aa}kan Andersson and Tom Britton},
    title = {Stochastic Epidemic Models and Their Statistical Analysis},
    year = 2000,
    publisher = {Springer}
}

@incollection{Bri19,
  author         = {Tom Britton and Etienne Pardoux},
  booktitle      = {Stochastic Epidemic Models with Inference},
  editor         = {Tom Britton and Etienne Pardoux},
  publisher      = {Springer},
  title          = {Stochastic Epidemics in a Homogeneous Community},
  year           = {2019}
}

@article{Bal95,
  author          = {Frank Ball and Peter Donnelly},
  journal         = {Stochastic Processes and their Applications},
  number          = {1},
  title           = {Strong Approximations for Epidemic Models},
  volume          = {55},
  year            = {1995}
}

@article{Lin13,
  author          = {David Lindenstrand and {\r{A}}ke Svensson},
  journal         = {Mathematical Biosciences},
  number          = {2},
  title           = {Estimation of the Malthusian Parameter in a Stochastic Epidemic Model Using Martingale Methods},
  volume          = {246},
  year            = {2013}
}


The Data

@article{Vij22,
  author          = {R. Vijh and C. H. Ng and M. Shirmaleki and A. Bharmal},
  journal         = {Journal of Hospital Infection},
  title           = {Factors Associated with Transmission of {COVID-19} in Long-Term Care Facility Outbreaks},
  volume          = {119},
  year            = {2022}
}

@article{Sto22,
  author          = {Jessica E. Stockdale and Sean C. Anderson and Andrew M. Edwards and Sarafa A. Iyaniwura and Nicola Mulberry and Michael C. Otterstatter and Naveed Z. Janjua and Daniel Coombs and Caroline Colijn and Michael A. Irvine},
  journal         = {Royal Society Open Science},
  title           = {Quantifying Transmissibility of {SARS-CoV-2} and Impact of Intervention Within Long-Term Healthcare Facilities},
  volume          = {9},
  year            = {2022}
}



Efficient Computation

@book{Fol99,
  author         = {Gerald B. Folland},
  publisher      = {Wiley},
  title          = {Real Analysis: Modern Techniques and Their Applications},
  year           = {1999},
  edition        = {2nd}
}



EM Algorithm

@book{McL08,
  author         = {Geoffrey J. McLachlan and Thriyambakam Krishnan},
  publisher      = {Wiley},
  title          = {The {EM} algorithm and extensions},
  year           = {2008},
  edition        = {2nd},
}

@article{Wu83,
  author          = {C. F. Jeff Wu},
  journal         = {The Annals of Statistics},
  number          = {1},
  title           = {On the convergence properties of the {EM} algorithm},
  volume          = {11},
  year            = {1983}
}

@article{Dem77,
  author          = {A. P. Dempster and N. M. Laird and D. B. Rubin},
  journal         = {Journal of the Royal Statistical Society. Series B (Methodological)},
  number          = {1},
  title           = {Maximum likelihood from incomplete data via the {EM} algorithm},
  volume          = {39},
  year            = {1977}
}


@article{Wei90,
  author          = {Greg C. G. Wei and Martin A. Tanner},
  journal         = {Journal of the American Statistical Association},
  number          = {411},
  title           = {A {M}onte {C}arlo Implementation of the {EM} Algorithm and the Poor Man's Data Augmentation Algorithms},
  volume          = {85},
  year            = {1990}
}
Misc

@MISC{need,
    Author = {{Citation Needed}}
}


@book{Cho20,
  author         = {Nicolas Chopin and Omiros Papaspiliopoulos},
  publisher      = {Springer},
  title          = {An Introduction to Sequential {M}onte {C}arlo},
  year           = {2020}
}

@book{Noc06,
  author         = {Jorge Nocedal and Stephen J. Wright},
  publisher      = {Springer},
  title          = {Numerical Optimization},
  year           = {2006},
  edition        = {2nd}
}


@article{Caf05,
  author          = {Brian S. Caffo and Wolfgang Jank and Galin L. Jones},
  journal         = {Journal of the Royal Statistical Society. Series B (Statistical Methodology)},
  number          = {2},
  title           = {Ascent-Based {Monte Carlo} Expectation-Maximization},
  volume          = {67},
  year            = {2005}
}

@article{Cha95,
  author          = {K. S. Chan and Johannes Ledolter},
  journal         = {Journal of the American Statistical Association},
  number          = {429},
  title           = {{Monte Carlo EM} Estimation for Time Series Models Involving Counts},
  volume          = {90},
  year            = {1995}
}

@article{Boo99,
  author          = {James G. Booth and James P. Hobert},
  journal         = {Journal of the Royal Statistical Society. Series B (Statistical Methodology)},
  number          = {1},
  title           = {Maximizing Generalized Linear Mixed Model Likelihoods with an Automated Monte Carlo EM Algorithm},
  volume          = {61},
  year            = {1999}
}

@article{Lev01,
  author          = {Richard A. Levine and George Casella},
  journal         = {Journal of Computational and Graphical Statistics},
  number          = {3},
  title           = {Implementations of the {Monte Carlo EM} Algorithm},
  volume          = {10},
  year            = {2001}
}


@article{Lou82,
  author          = {Thomas A. Louis},
  journal         = {Journal of the Royal Statistical Society. Series B (Statistical Methodology)},
  number          = {2},
  title           = {Finding the observed information matrix when using the {EM} algorithm},
  volume          = {44},
  year            = {1982}
}



@book{Rob04,
  author         = {Christian P. Robert and George Casella},
  publisher      = {Springer},
  title          = {Monte Carlo Statistical Methods},
  year           = {2004},
  edition        = {2nd}
}

@article{Aga17,
  author          = {S. Agapiou and O. Papaspiliopoulos and D. Sanz-Alonso and A. M. Stuart},
  journal         = {Statistical Science},
  number          = {3},
  title           = {Importance Sampling: Intrinsic Dimension and Computational Cost},
  volume          = {32},
  year            = {2017}
}


@article{Ion08,
  author          = {Edward L. Ionides},
  journal         = {Journal of Computational and Graphical Statistics},
  number          = {2},
  title           = {Truncated Importance Sampling},
  volume          = {17},
  year            = {2008}
}


@misc{Veh22,
      title={Pareto Smoothed Importance Sampling}, 
      author={Aki Vehtari and Daniel Simpson and Andrew Gelman and Yuling Yao and Jonah Gabry},
      year={2022},
      eprint={1507.02646},
      archivePrefix={arXiv},
      primaryClass={stat.CO}
}


@article{Gu98,
  author          = {Ming Gao Gu and Shaolin Li},
  journal         = {The Canadian Journal of Staistics},
  number          = {4},
  title           = {A stochastic approximation algorithm for maximum-likelihood estimation with incomplete data},
  volume          = {26},
  year            = {1998}
}


@article{Gey94,
  author          = {Charles J. Geyer},
  journal         = {Journal of the Royal Statistical Society. Series B (Methodological)},
  number          = {1},
  title           = {On the convergence of {M}onte {C}arlo maximum likelihood calculations},
  volume          = {56},
  year            = {1994}
}

@book{Gel13,
  author         = {Andrew Gelman and John B. Carlin and Hal S. Stern and David B. Dunson and Aki Vehtari and Donald B. Rubin},
  publisher      = {CRC Press},
  title          = {Bayesian Data Analysis},
  year           = {2013},
  edition        = {3rd}
}

@book{Kle14,
  author         = {Achim Klenke},
  publisher      = {Springer},
  title          = {Probability Theory: A Comprehensive Course},
  year           = {2014},
  edition        = {2nd}
}


@book{van98,
  author         = {A. W. {van der Vaart}},
  publisher      = {Cambridge University Press},
  title          = {Asymptotic Statistics},
  year           = {1998}
}

@book{Has09,
  author         = {Trevor Hastie and Robert Tibshirani and Jerome Friedman},
  publisher      = {Springer},
  title          = {The Elements of Statistical Learning},
  year           = {2009},
  edition        = {2nd}
}



@book{Mar15,
  author         = {Maia Martcheva},
  publisher      = {Springer},
  title          = {An Introduction to Mathematical Epidemiology},
  year           = {2015}
}

@incollection{Whi20,
  author         = {Laura F. White},
  booktitle      = {Handbook of Infectious Disease Data Analysis},
  publisher      = {Chapman \& Hall/CRC},
  title          = {Key Parameters in Infectious Disease Epidemiology},
  year           = {2020},
  editor         = {Leonard Held and Niel Hens and Philip {O'N}eill and Jacco Wallinga}
}


@book{McC89,
  author         = {P. {McCullagh} and J. A. Nelder},
  publisher      = {Chapman \& Hall/CRC},
  title          = {Generalized Linear Models},
  year           = {1989},
  edition        = {2nd}
}



@misc{Elv22,
      title={Advances in Importance Sampling}, 
      author={V\'ictor Elvira and Luca Martino},
      year={2022},
      eprint={2102.05407},
      archivePrefix={arXiv},
      primaryClass={stat.CO}
}


@article{Ali20,
  author          = {Yousef Alimohamadi and Maryam Taghdir and Mojtaba Sepandi},
  journal         = {Journal of Preventative Medicine \& Public Health},
  number          = {3},
  title           = {Estimate of the Basic Reproduction Number for {COVID-19}: A Systematic Review and Meta-Analysis},
  volume          = {53},
  year            = {2020}
}

@article{Liu20,
  author          = {Ying Liu and Albert A. Gayle and Annelies Walder-Smith and Joacim Rockl\"ov},
  journal         = {Journal of Travel Medicine},
  number          = {2},
  title           = {The Reproductive Number of {COVID-19} is Higher Compared to {SARS} Coronavirus},
  volume          = {27},
  year            = {2020}
}

@article{Men94,
  author          = {Xiao-Li Meng and Donald B. Rubin},
  journal         = {Linear Algebra and its Applications},
  number          = {},
  title           = {On the Global and Componentwise rates of convergence of the {EM} algorithm},
  volume          = {199},
  year            = {1994}
}

@article{Bug17,
  author          = {M\'onica F. Bugallo and V\'ictor Elvira and Luca Martino and David Luengo and Joaqu\'in M\'iguez and Petar M. Djuri\'c},
  journal         = {IEEE Signal Processing Magazine},
  number          = {4},
  title           = {Adaptive Importance Sampling: {T}he past, the present, and the future},
  volume          = {34},
  year            = {2017}
}

@article{Kon22,
  author          = {Lingcai Kong and Mengwei Duan and Jin Shi and Jie Hong and Zhaorui Chang and Zhijie Zhang},
  journal         = {Infectious Diseases of Poverty},
  number          = {72},
  title           = {Compartmental structures used in modelling {COVID-19}: a scoping review},
  volume          = {11},
  year            = {2022}
}

@article{Bez17,
  author          = {Jeff Bezanson and Alan Edelman and Stefan Karpinski and Vial B. Shah},
  journal         = {SIAM Review},
  number          = {1},
  title           = {Julia: a fresh approach to numerical computing},
  volume          = {59},
  year            = {2017}
}

@article{Mog18,
  author          = {Patrick Kofod Mogensen and Asbj{\o}rn Nilsen Riseth},
  journal         = {Journal of Open Source Software},
  number          = {24},
  title           = {Optim: a mathematical optimization package for {J}ulia},
  volume          = {3},
  year            = {2018}
}


@misc{Irv23,
  author       = {Mike Irvine and Sean C. Anderson and Jessica E. Stockdale},
  title        = {cr0eso},
  year         = {2023},
  url          = {https://sempwn.github.io/cr0eso/index.html},
}